%   File   : ScaledDecimal.bib
%   Author : Richard A. O'Keefe
%   SCCS   : "%Z%%E% %M%	%I%"
%   Purpose: Bibliography for ScaledDecimal paper

@manual(ADA2,
    title = "ISO/IEC 8652:1995): Information Technology ---
	    Programming Languages --- Ada, as updated by changes from
	    Technical Corrigendum 1 (ISO/IEC 8652:1995:TC1:2000), and
            Amendment 1 (ISO/IEC 8526:AMD1:2007)",
    organization = "ISO",
    year = 2007,
    address = "www.iso.org")

@manual(ADAW,
    title = "Ada 2005 Language Reference Manual",
    organization = "Ada-Europe",
    year = 2006,
    howpublished = "\url{http://www.adaic.org/ada-resources/standards/ada05/}",
    note = "[Online; accessed 6-Dec-2011]")

@manual(SQL,
    title = "ISO/IEC 9075-2:2003, Information technology --- 
             Database languages --- SQL --- Part 2:
            Foundation (SQL/Foundation)",
    organization = "ISO",
    year = 2003,
    address = "www.iso.org")

@manual(Z360,
    title = "z/Architecture Principles of Operation",
    edition = "SA22-7832-06, Seventh edition",
    year = 2008,
    month = "February",
    organization = "IBM")

@manual(LIA1,
    title = "ISO/IEC 10967-1:1994, Language independent arithmetic,
             Part 1: Integer and floating point arithmetic",
    organization = "ISO",
    year = 1994,
    address = "www.iso.org")

@manual(LIA2,
    title = "ISO/IEC 10967-2:2001, Language independent arithmetic,
             Part 2: Elementary numerical functions",
    organization = "ISO",
    year = 2001,
    address = "www.iso.org")

@manual(LIA3,
    title = "ISO/IEC 10967-3:2006, Language independent arithmetic,
             Part 3: Complex integer and floating point arithmetic and
             complex elementary numerical functions",
    organization = "ISO",
    year = 2006,
    address = "www.iso.org")

@manual(ANST,
    title = "ANSI INCITS 319-1998, Programming Languages --- Smalltalk",
    organization = "American National Standards Institute, Inc.",
    year = 1998,
    address = "11 West 42nd Street, New York, NY 10036")

@misc(NPHW,
    title = "Numeric Prelude",
    author = "Henning Thielemann",
    year = 2011,
    month = "January",
    howpublished = "\url{http://www.haskell.org/haskellwiki/Numeric_Prelude}",
    note = "[Online; accessed 6-Dec-2011]")

@misc(NPHP,
    title = "Numeric Prelude package, version 0.2.2.1",
    year = 2011,
    month = "September",
    author = "Henning Thielemann and Dylan Thurston and Mikael Johansson",
    howpublished = "\url{http://hackage.haskell.org/package/numeric-prelude}",
    note = "[Online; accessed 6-Dec-2011]")

@misc(MATH,
    title = "Mathematical Prelude Discussion",
    key = "Haskell wiki",
    organization = "Haskell community",
    year = 2011,
    month = "October",
    howpublished = "\url{http://www.haskell.org/haskellwiki/Mathematical_prelude_discussion}",
    note = "[Online; accessed 6-Dec-2011]")

@inproceedings(QC1,
    title = "QuickCheck:  A Lightweight Tool for Random Testing of Haskell Programs",
    author = "Koen Claessen and John Hughes",
    booktitle = "ACM SIGPLAN Notices",
    year = 2000,
    pages = "268--279",
    publisher = "ACM Press",
    address = "New York, USA")

@incollection(QC2,
    title = "Specification-based testing with QuickCheck",
    author = "Koen Claessen and John Hughes",
    booktitle = "The Fun of Programming",
    chapter = 2,
    pages = "17--40",
    crossref = "FUN")

%    publisher = "Palgrave Macmillan",
%    year = 2003,

@misc(QC4,
    title = "QuickCheck package for Haskell",
    author = "Koen Claesson",
    year = 2010,
    Month = "January",
    howpublished = "\url{http://hackage.haskell.org/package/QuickCheck-2.1.0.3}",
    note = "[Online; accessed 11-Oct-2011]")

@book(FUN,
    title = "The Fun of Programming",
    editor = "Jeremy Gibbons and Oege de Moor",
    year = 2005,
    publisher = "Palgrave Macmillan",
    ISBN = 0333992857)

@manual(PLI,
    title = "Enterprise PL/I for z/OS and OS/390: Language Reference",
    edition = "SC27-1460-02, 4th edition, Version 3 Release 2.0",
    year = 2002,
    month = "September",
    organization = "IBM")

@book(HASK,
    title = "Haskell 98 language and libraries: the Revised Report",
    author = "Peyton Jones, Simon",
    publisher = "Cambridge University Press",
    address = "Cambridge, UK",
    year = 2003,
    ISBN = 0521826144)

